<?xml version="1.0"?>
<marc:collection xmlns:marc="http://www.loc.gov/MARC21/slim" xmlns:xsi="http://www.w3.org/2001/XMLSchema-instance" xsi:schemaLocation="http://www.loc.gov/MARC21/slim http://www.loc.gov/standards/marcxml/schema/MARC21slim.xsd">
   <marc:record type="Bibliographic">
      <marc:leader>02089cam a2200433M  4500</marc:leader>
      <marc:controlfield tag="001">2759098</marc:controlfield>
      <marc:controlfield tag="003">NjP</marc:controlfield>
      <marc:controlfield tag="005">20130415211501.0</marc:controlfield>
      <marc:controlfield tag="008">831228m19699999iq            000 0 ara d</marc:controlfield>
      <marc:datafield tag="024" ind1="7" ind2=" ">
         <marc:subfield code="a">princeton_aco000080</marc:subfield>
         <marc:subfield code="2">local</marc:subfield>
      </marc:datafield>
      <marc:datafield tag="010" ind1=" " ind2=" ">
         <marc:subfield code="a">   73298676 </marc:subfield>
      </marc:datafield>
      <marc:datafield tag="035" ind1=" " ind2=" ">
         <marc:subfield code="a">(OCoLC)ocn178273381</marc:subfield>
      </marc:datafield>
      <marc:datafield tag="035" ind1=" " ind2=" ">
         <marc:subfield code="a">(OCoLC)ocm22262984</marc:subfield>
      </marc:datafield>
      <marc:datafield tag="035" ind1=" " ind2=" ">
         <marc:subfield code="a">(OCoLC)178273381</marc:subfield>
      </marc:datafield>
      <marc:datafield tag="035" ind1=" " ind2=" ">
         <marc:subfield code="9">CNF3276TS</marc:subfield>
      </marc:datafield>
      <marc:datafield tag="035" ind1=" " ind2=" ">
         <marc:subfield code="a">(NjP)2759098</marc:subfield>
      </marc:datafield>
      <marc:datafield tag="040" ind1=" " ind2=" ">
         <marc:subfield code="a">PUL</marc:subfield>
         <marc:subfield code="c">PUL</marc:subfield>
         <marc:subfield code="d">PUL</marc:subfield>
      </marc:datafield>
      <marc:datafield tag="049" ind1=" " ind2=" ">
         <marc:subfield code="a">PULL</marc:subfield>
      </marc:datafield>
      <marc:datafield tag="079" ind1=" " ind2=" ">
         <marc:subfield code="a">ocm22262984</marc:subfield>
      </marc:datafield>
      <marc:datafield tag="100" ind1="1" ind2=" ">
         <marc:subfield code="6">880-01</marc:subfield>
         <marc:subfield code="a">Mutanabbi&#x304;, Abu&#x304; al-T&#x323;ayyib Ah&#x323;mad ibn al-H&#x323;usayn,</marc:subfield>
         <marc:subfield code="d">915 or 916-965</marc:subfield>
      </marc:datafield>
      <marc:datafield tag="245" ind1="1" ind2="0">
         <marc:subfield code="6">880-02</marc:subfield>
         <marc:subfield code="a">Di&#x304;wa&#x304;n Abi&#x304; al-T&#x323;ayyib al-Mutanabbi&#x304;, bi-sharh Abi&#x304; al-Fath&#x323; &#x2BB;Uthma&#x304;n ibn Jinni&#x304;, al-musamma&#x301; bi-al-Fasr. &#x2BB;Aniya bi-tah&#x323;qi&#x304;qihi wa-al-ta&#x2BB;li&#x304;q &#x2BB;alayhi S&#x323;afa&#x304;&#x2B9; Khulu&#x304;s&#x323;i&#x304;</marc:subfield>
      </marc:datafield>
      <marc:datafield tag="250" ind1=" " ind2=" ">
         <marc:subfield code="6">880-03</marc:subfield>
         <marc:subfield code="a">al-T&#x323;ab&#x2BB;ah 1</marc:subfield>
      </marc:datafield>
      <marc:datafield tag="260" ind1=" " ind2=" ">
         <marc:subfield code="6">880-04</marc:subfield>
         <marc:subfield code="a">Baghda&#x304;d,</marc:subfield>
         <marc:subfield code="b">al-Mu&#x2B9;assasah al-&#x2BB;A&#x304;mmah lil-S&#x323;ih&#x323;a&#x304;fah wa-al-T&#x323;iba&#x304;&#x2BB;ah 1969 [cover</marc:subfield>
         <marc:subfield code="c">1970]-</marc:subfield>
      </marc:datafield>
      <marc:datafield tag="300" ind1=" " ind2=" ">
         <marc:subfield code="a">v.</marc:subfield>
         <marc:subfield code="b">facsims.</marc:subfield>
         <marc:subfield code="c">24 cm</marc:subfield>
      </marc:datafield>
      <marc:datafield tag="500" ind1=" " ind2=" ">
         <marc:subfield code="6">880-05</marc:subfield>
         <marc:subfield code="a">Cover title: Diwan Abi't-Tayyib al-Mutanabbi, with the commentary of Ibn Jinni, knwon [sic] as al-Fasr</marc:subfield>
      </marc:datafield>
      <marc:datafield tag="504" ind1=" " ind2=" ">
         <marc:subfield code="a">Includes bibliographical references</marc:subfield>
      </marc:datafield>
      <marc:datafield tag="500" ind1=" " ind2=" ">
         <marc:subfield code="a">In Arabic.</marc:subfield>
      </marc:datafield>
      <marc:datafield tag="700" ind1="1" ind2=" ">
         <marc:subfield code="6">880-06</marc:subfield>
         <marc:subfield code="a">Ibn Jinni&#x304;, Abu&#x304; al-Fath&#x323; &#x2BB;Uthma&#x304;n,</marc:subfield>
         <marc:subfield code="d">-1002</marc:subfield>
      </marc:datafield>
      <marc:datafield tag="700" ind1="1" ind2=" ">
         <marc:subfield code="6">880-07</marc:subfield>
         <marc:subfield code="a">Khulu&#x304;s&#x323;i&#x304;, S&#x323;afa&#x304;&#x2B9;</marc:subfield>
      </marc:datafield>
      <marc:datafield tag="880" ind1="1" ind2=" ">
         <marc:subfield code="6">100-01/r</marc:subfield>
         <marc:subfield code="a">&#x645;&#x62A;&#x646;&#x628;&#x64A;&#x60C; &#x627;&#x628;&#x648; &#x627;&#x644;&#x637;&#x64A;&#x628; &#x627;&#x62D;&#x645;&#x62F; &#x628;&#x646; &#x627;&#x644;&#x62D;&#x633;&#x64A;&#x646;&#x60C;</marc:subfield>
         <marc:subfield code="d">915 or 16-965.</marc:subfield>
      </marc:datafield>
      <marc:datafield tag="880" ind1="1" ind2="0">
         <marc:subfield code="6">245-02/r</marc:subfield>
         <marc:subfield code="a">&#x62F;&#x64A;&#x648;&#x627;&#x646; &#x627;&#x628;&#x64A; &#x627;&#x644;&#x637;&#x64A;&#x628; &#x627;&#x644;&#x645;&#x62A;&#x646;&#x628;&#x64A;&#x60C; &#x628;&#x634;&#x631;&#x647; &#x627;&#x628;&#x64A; &#x627;&#x644;&#x641;&#x62A;&#x62D; &#x639;&#x62B;&#x645;&#x627;&#x646; &#x628;&#x646; &#x62C;&#x646;&#x64A;&#x60C; &#x627;&#x644;&#x645;&#x633;&#x645;&#x649; &#x628;&#x627;&#x644;&#x641;&#x633;&#x631;. &#x639;&#x646;&#x64A; &#x628;&#x62A;&#x62D;&#x642;&#x64A;&#x642;&#x647; &#x648;&#x627;&#x644;&#x62A;&#x639;&#x644;&#x64A;&#x642; &#x639;&#x644;&#x64A;&#x647; &#x635;&#x641;&#x627; &#x62E;&#x644;&#x648;&#x635;&#x64A;</marc:subfield>
      </marc:datafield>
      <marc:datafield tag="880" ind1=" " ind2=" ">
         <marc:subfield code="6">250-03/r</marc:subfield>
         <marc:subfield code="a">&#x627;&#x644;&#x637;&#x628;&#x639;&#x629; 1</marc:subfield>
      </marc:datafield>
      <marc:datafield tag="880" ind1=" " ind2=" ">
         <marc:subfield code="6">260-04/r</marc:subfield>
         <marc:subfield code="a">&#x628;&#x63A;&#x62F;&#x627;&#x62F;&#x60C;</marc:subfield>
         <marc:subfield code="b">&#x627;&#x644;&#x645;&#x633;&#x633;&#x629; &#x627;&#x644;&#x639;&#x627;&#x645;&#x629; &#x644;&#x644;&#x635;&#x62D;&#x627;&#x641;&#x629; &#x648;&#x627;&#x644;&#x637;&#x628;&#x627;&#x639;&#x629; 1969 [&#x6A4;&#x631;</marc:subfield>
         <marc:subfield code="c">1970]</marc:subfield>
      </marc:datafield>
      <marc:datafield tag="880" ind1=" " ind2=" ">
         <marc:subfield code="6">500-05/r</marc:subfield>
         <marc:subfield code="a">&#x62F;&#x648;&#x646; &#x627;&#x628;'&#x62A;&#x62A;&#x64A;&#x628; &#x627;&#x644;&#x645;&#x62A;&#x646;&#x628;</marc:subfield>
      </marc:datafield>
      <marc:datafield tag="880" ind1="1" ind2=" ">
         <marc:subfield code="6">700-00/r</marc:subfield>
         <marc:subfield code="a">&#x62E;&#x644;&#x633;&#x60C; &#x633;&#x641;.</marc:subfield>
      </marc:datafield>
      <marc:datafield tag="880" ind1="1" ind2=" ">
         <marc:subfield code="6">700-06/r</marc:subfield>
         <marc:subfield code="a">&#x627;&#x628;&#x646; &#x62C;&#x646;&#x64A;&#x60C; &#x627;&#x628;&#x648; &#x627;&#x644;&#x641;&#x62A;&#x62D; &#x639;&#x62B;&#x645;&#x627;&#x646;&#x60C;</marc:subfield>
         <marc:subfield code="d">d. 1002.</marc:subfield>
      </marc:datafield>
      <marc:datafield tag="880" ind1="1" ind2=" ">
         <marc:subfield code="6">700-07/r</marc:subfield>
         <marc:subfield code="a">&#x62E;&#x644;&#x648;&#x635;&#x64A;&#x60C; &#x635;&#x641;&#x627;</marc:subfield>
      </marc:datafield>
      <marc:datafield tag="852" ind1="0" ind2=" ">
         <marc:subfield code="b">nec</marc:subfield>
         <marc:subfield code="h">PJ7750</marc:subfield>
         <marc:subfield code="i">.M8 1970</marc:subfield>
         <marc:subfield code="p">3069866</marc:subfield>
         <marc:subfield code="x">reclassed from: 2272.695.1970</marc:subfield>
      </marc:datafield>
      <marc:datafield tag="911" ind1=" " ind2=" ">
         <marc:subfield code="a">20000130</marc:subfield>
      </marc:datafield>
      <marc:datafield tag="994" ind1=" " ind2=" ">
         <marc:subfield code="a">C0</marc:subfield>
         <marc:subfield code="b">PUL</marc:subfield>
      </marc:datafield>
      <marc:datafield tag="999" ind1=" " ind2=" ">
         <marc:subfield code="a">2759098</marc:subfield>
      </marc:datafield>
   </marc:record>
</marc:collection>
